@book{Kolmogorov,
    title = {Elementi di
teoria delle funzioni
e di analisi funzionale},
    author = {Andrej N. Kolmogorov - Sergej V. Fòmin},
    isbn = {886473239X},
    %series = {International series of monographs on physics},
    year = {2012},
    publisher = {Editori Riuniti Univ. Press},
    keywords = {mathematics}
}

@book{Rudin,
    title = {Principles of Mathematical Analysis},
    author = {Walter Rudin},
    isbn = {0070856133},
    %series = {International series of monographs on physics},
    year = {2015},
    publisher = {McGraw-Hill Education},
    keywords = {mathematics}
}

@book{Billingsley,
    title = { Probability and Measure},
    author = {Patrick Billingsley},
    isbn = { 0-471-00710-2},
    %series = {International series of monographs on physics},
    year = {1995},
    publisher = {John Wiley & Sons},
    keywords = {mathematics}
}

@online{wiki,
    author = "Wikipedia",
    title = "Wikipedia",
    url  = "https://en.wikipedia.org",
    %addendum = "(accessed: 01.09.2016)",
    keywords = "wiki"
}
@boox{Variazioni1,
    title = {Appunti sugli spazi di getti},
    author = {Marco Ferraris},
    year = {2022}}

@boox{Variazioni2,
    title = {Appunti di
Algebra lineare, multilineare e tensori},
    author = {Marco Ferraris},
    year = {2022}}

@boox{Variazioni3,
    title = {Appunti di calcolo differenziale sugli spazi affini},
    author = {Marco Ferraris},
    year = {2022}}

@boox{Variazioni4,
    title = {Varietà differenziabili di dimensione finita},
    author = {Marco Ferraris},
    year = {2022}}

@boox{Variazioni5,
    title = {Appunti su gruppi di Lie e fibrati principali},
    author = {Marco Ferraris},
    year = {2022}}

@boox{Variazioni6,
    title = {Appunti di Calcolo delle Variazioni su varietà fibrate},
    author = {Marco Ferraris},
    year = {2022}}

@article{Cordier_2005,
	year = 2005,
	publisher = {Springer Science and Business Media },
  
	author = {Stephane Cordier and Lorenzo Pareschi and Giuseppe Toscani},
  
	title = {On a Kinetic Model for a Simple Market Economy}}
  




@article{Furioli2017FokkerPlanckEI,
  title={Fokker–Planck equations in the modeling of socio-economic phenomena},
  author={Giulia Furioli and A. Pulvirenti and Elide Terraneo and Giuseppe Toscani},
  journal={Mathematical Models and Methods in Applied Sciences},
  year={2017},
  volume={27},
  pages={115-158}}



@article{second, 
author={Matthes D. and Toscani G. },
title={On Steady Distributions of Kinetic Models of Conservative Economies.},
publisher={J Stat Phys},
volume={130},
pages={1087-1117},
year={2008}}

@article{Lin_Op_1,
author={Israel Gohberg and Seymour Goldberg and Marinus A. Kaashoek},
title={Classes of Linear Operators Vol. I},
publisher={Birkhäuser Basel},
doi={https://doi.org/10.1007/978-3-0348-7509-7}}

@book{Yoshi,
    author = {Kôsaku Yosida},
    title = {Functional Analysis},
    publisher = {Springer Berlin Heidelberg},
    doi = {https://doi.org/10.1007/978-3-642-96208-0}
}

@book{Brezis,
    author = {Haim Brezis},
    title = {Functional Analysis, Sobolev Spaces and Partial Differential Equations},
    publisher = {Springer New York NY},
    doi = {https://doi.org/10.1007/978-0-387-70914-7}
}